@article{brown-deep,
  title={The Deep End of the Pool},
  author={Brown, Aaron},
  journal={Wilmott},
  volume={2016},
  number={81},
  pages={12--15},
  year={2016},
  publisher={Wiley Online Library}
}

@article{lopez,
  title={Building an NCAA menâ€™s basketball predictive model and quantifying its success},
  author={Lopez, Michael J and Matthews, Gregory J},
  journal={Journal of Quantitative Analysis in Sports},
  volume={11},
  number={1},
  pages={5--12},
  year={2015}
}